@book{LC,
    author = {L.~Caniglia},
    title = {{Group Theory Notes}},
    publisher = {Manuscript},
    year = {2022}
}

@MISC {2065244,
    TITLE = {Limitations on the order of a subgroup of $S_5$},
    AUTHOR = {user169852},
    HOWPUBLISHED = {Mathematics Stack Exchange},
    NOTE = {URL:https://math.stackexchange.com/q/2065244 (version: 2016-12-19)},
    EPRINT = {https://math.stackexchange.com/q/2065244},
    URL = {https://math.stackexchange.com/q/2065244},
    YEAR = 2016
}

@MISC {89048,
    TITLE = {No subgroup of $S_5$ with order 40},
    AUTHOR = {Bill Cook},
    HOWPUBLISHED = {Mathematics Stack Exchange},
    NOTE = {URL:https://math.stackexchange.com/q/89048 (version: 2011-12-06)},
    EPRINT = {https://math.stackexchange.com/q/89048},
    URL = {https://math.stackexchange.com/q/89048},
    YEAR = 2011
}

@MISC {386280,
    TITLE = {Galois group of a polynomial modulo $p$},
    AUTHOR = {Benjamin Steinberg},
    HOWPUBLISHED = {MathOverflow},
    NOTE = {URL:https://mathoverflow.net/q/386280 (version: 2021-03-12)},
    EPRINT = {https://mathoverflow.net/q/386280},
    URL = {https://mathoverflow.net/q/386280},
    YEAR = 2021
}